<record xmlns="http://www.loc.gov/MARC21/slim" xmlns:xsi="http://www.w3.org/2001/XMLSchema-instance" xsi:schemaLocation="http://www.loc.gov/MARC21/slim http://www.loc.gov/standards/marcxml/schema/MARC21slim.xsd"><leader>00778nz   2200181n  4500</leader><controlfield tag="001">oca02580322 </controlfield><controlfield tag="005">19890815061923.2</controlfield><controlfield tag="008">890814n| acannaab|          |a aaa     c</controlfield><datafield ind1=" " ind2=" " tag="010"><subfield code="a">nr 89010431 </subfield></datafield><datafield ind1=" " ind2=" " tag="040"><subfield code="a">NjP</subfield><subfield code="c">NjP</subfield></datafield><datafield ind1="0" ind2=" " tag="100"><subfield code="a">Antigonus,</subfield><subfield code="c">of Carystus,</subfield><subfield code="d">fl. 240 B.C.</subfield></datafield><datafield ind1="0" ind2=" " tag="400"><subfield code="a">Antigonus,</subfield><subfield code="c">Carystius,</subfield><subfield code="d">fl. 240 B.C.</subfield></datafield><datafield ind1="0" ind2=" " tag="400"><subfield code="a">Antigonos,</subfield><subfield code="c">of Karystos,</subfield><subfield code="d">fl. 240 B.C.)</subfield></datafield><datafield ind1=" " ind2=" " tag="670"><subfield code="a">His Rerum mirabilium collectio, 1986, c 1985:</subfield><subfield code="b">t.p. (Antigonus Carystius)</subfield></datafield><datafield ind1=" " ind2=" " tag="670"><subfield code="a">Hndbk. Greek Lit., 1956:</subfield><subfield code="b">p. 369 (Antigonos of Karystos, 3rd. Century B.C.)</subfield></datafield><datafield ind1=" " ind2=" " tag="670"><subfield code="a">Ox. class. dict., 2nd ed.</subfield><subfield code="b">(Antigonus of Carystus, fl. 240 B.C., bronzeworker and writer)</subfield></datafield><datafield ind1=" " ind2=" " tag="670"><subfield code="a">Mantinband, J.H. Concise dict. Grk. lit., 1962</subfield><subfield code="b">(Antigonus of Carystus, fl. 240 B.C.)</subfield></datafield><datafield ind1=" " ind2=" " tag="675"><subfield code="a">Enc. Brit., 15th ed.</subfield></datafield></record>